<record><leader>00000cas a22000007a 4500</leader><controlfield tag="001">11516107</controlfield><controlfield tag="008">841220d18841888ctudn ne      0    0eng d</controlfield><datafield ind1=" " ind2=" " tag="010"><subfield code="a">sn 84027751 </subfield></datafield><datafield ind1=" " ind2=" " tag="040"><subfield code="a">NPU</subfield><subfield code="b">eng</subfield><subfield code="c">NPU</subfield><subfield code="d">NYS</subfield><subfield code="d">CNW</subfield><subfield code="d">OCLCQ</subfield><subfield code="d">OCLCF</subfield><subfield code="d">OCLCO</subfield></datafield><datafield ind1="1" ind2=" " tag="029"><subfield code="a">AU@</subfield><subfield code="b">000020634352</subfield></datafield><datafield ind1=" " ind2=" " tag="042"><subfield code="a">msc</subfield></datafield><datafield ind1=" " ind2=" " tag="043"><subfield code="a">n-us-ct</subfield></datafield><datafield ind1="0" ind2=" " tag="130"><subfield code="a">Evening sentinel (Ansonia, Conn. : 1884)</subfield></datafield><datafield ind1="1" ind2="4" tag="245"><subfield code="a">The evening sentinel.</subfield></datafield><datafield ind1=" " ind2=" " tag="260"><subfield code="a">Ansonia, Conn. :</subfield><subfield code="b">J.M. Emerson</subfield></datafield><datafield ind1=" " ind2=" " tag="300"><subfield code="a">v. :</subfield><subfield code="b">ill. ;</subfield><subfield code="c">57 cm.</subfield></datafield><datafield ind1=" " ind2=" " tag="310"><subfield code="a">Daily (except Wed.)</subfield></datafield><datafield ind1="1" ind2=" " tag="362"><subfield code="a">Began in 1884 and ceased in 1888.</subfield></datafield><datafield ind1=" " ind2=" " tag="515"><subfield code="a">Issues for &lt;Mar. 26, 1887-&gt; also called: &lt;4th year-&gt;.</subfield></datafield><datafield ind1=" " ind2=" " tag="530"><subfield code="a">Also issued on microfilm from Connecticut State Library, Hartford, CT.</subfield></datafield><datafield ind1=" " ind2=" " tag="580"><subfield code="a">Weekly ed.: Naugatuck Valley sentinel.</subfield></datafield><datafield ind1=" " ind2=" " tag="588"><subfield code="a">Description based on: Vol. 1, no. 64 (Mar. 29, 1884).</subfield></datafield><datafield ind1=" " ind2="0" tag="651"><subfield code="a">Ansonia (Conn.)</subfield><subfield code="v">Newspapers.</subfield></datafield><datafield ind1=" " ind2="0" tag="651"><subfield code="a">Derby (Conn.)</subfield><subfield code="v">Newspapers.</subfield></datafield><datafield ind1=" " ind2="7" tag="655"><subfield code="a">Newspapers.</subfield><subfield code="2">fast</subfield><subfield code="0">(OCoLC)fst01423814</subfield></datafield><datafield ind1=" " ind2="7" tag="651"><subfield code="a">Connecticut</subfield><subfield code="z">Ansonia.</subfield><subfield code="2">fast</subfield><subfield code="0">(OCoLC)fst01224732</subfield></datafield><datafield ind1=" " ind2="7" tag="651"><subfield code="a">Connecticut</subfield><subfield code="z">Derby.</subfield><subfield code="2">fast</subfield><subfield code="0">(OCoLC)fst01232441</subfield></datafield><datafield ind1=" " ind2=" " tag="752"><subfield code="a">United States</subfield><subfield code="b">Connecticut</subfield><subfield code="c">New Haven</subfield><subfield code="d">Ansonia.</subfield></datafield><datafield ind1="1" ind2=" " tag="775"><subfield code="t">Naugatuck Valley sentinel</subfield><subfield code="w">(DLC)sn 84022376</subfield><subfield code="w">(OCoLC)10383086</subfield></datafield><datafield ind1="0" ind2="0" tag="785"><subfield code="t">Ansonia evening sentinel</subfield><subfield code="w">(DLC)sn 84027753</subfield><subfield code="w">(OCoLC)11516117</subfield></datafield></record>